@misc
{ReformeLMD,
	author={Wikipédia},
	title={Réforme Licence-Master-Doctorat},
	month={Octobre},
	year={2017},
	note={fr.wikipedia.org}
}
@misc
{CloudComputing,
	author={Wikipédia},
	title={Le Cloud computing},
	month={21 Mai},
	year={2016},
	note={fr.wikipedia.org}
}
@misc
{EtudeSuperieur,
	author={Wikipédia},
	title={Études supérieures},
	month={06 Mars},
	year={2016},
	note={fr.wikipedia.org}
}
@misc
{GRH,
	author={Wikipédia},
	title={Gestion des ressources humaines},
	month={Septembre},
	year={2017},
	note={fr.wikipedia.org}
}
@misc
{SaaS,
	author={Wikipédia},
	title={Le logiciel en tant que service},
	month={Juin},
	year={2016},
	note={fr.wikipedia.org}
}
@misc
{Unit4,
	author={Unit4},
	title={ERP - Secteur de l'éducation},
	year={2017},
	note={www.unit4.com/fr/secteurs/education}
}
@misc
{ModeSaaS,
	author={FCIC Média},
	title={Le Mode SAAS},
	note={www.lecoindesentrepreneurs.fr/le-mode-saas/}
}

@Book{LMD,
	author = {Le groupe de travail "Brochures" de PARFAIRE},
	title = {Les établissements d'enseignement supérieur : Structure et fonctionnement},
	chapter = {Structure et fonctionnement},
	year = {2017},
	pages = {12-13},
	note={creativecommons.org/licenses/by-nc-nd/4.0/fr/}
}
@misc
{GRH2,
	author={Robert Nikiko},
	title={Généralité sur la gestion des ressources humaines},
	year={2009},
	note={IRIMAG - Licence en Administration et Management}
}
@Book{BD,
	author = {R. Njakarison Menja},
	title = {Cours de base de données},
	year = {2013},
	pages = {3},
}
@misc
{Merise,
	title={Initiation à la conception de bases de données relationnelles avec MERISE},
	author={Idriss NEUMANN},	
	year={2012},
	month={février},
	note={ineumann.developpez.com/tutoriels/merise/initiation-merise/}
}
@misc
{FirebaseWiki,
	author={Wikipédia},
	title={Firebase},
	month={novembre},
	year={2017},
	note={fr.wikipedia.org/wiki/Firebase}
}
@Book
{FirebaseBook,
	author = {Gregory Howard - Alix Ducros},
	title = {Firebase},
	publisher = {Build Extraordinary Apps},
	year = {2016}
}
@misc
{AngularBlog,
	author={Caroline Phillips},
	title={Les raisons clés de développer avec Angular},
	year={2016},
	note={www.pic.digital/blog/396-angularjs-pourquoi}
}
@Book
{AngularBook,
	author = {Ninja Squad},
	title = {Becom a Ninja with Angular},
	publisher = {Learnangularjs},
	year = {2016}
}
@Book
{AngularEBook,
	author = {Questpond},
	title = {Learn Angular 2 step by step},
	publisher = {Questpond},
	year = {2016}
}
@Book
{Angular4,
	author = {TutorialPoint},
	title = {Angular 4},
	publisher = {Simply easy learning},
	year = {2017}
}